@Article{journals/toplas/MatthewsF09,
  title =	"Operational semantics for multi-language programs",
  author =	"Jacob Matthews and Robert Bruce Findler",
  journal =	"ACM Trans. Program. Lang. Syst",
  year = 	"2009",
  number =	"3",
  volume =	"31",
  bibdate =	"2009-04-15",
  bibsource =	"DBLP,
		 http://dblp.uni-trier.de/db/journals/toplas/toplas31.html#MatthewsF09",
  URL =  	"http://doi.acm.org/10.1145/1498926.1498930",
}

@Book{ECMA-262,
  author =	"{ECMA}",
  title =	"{ECMA-262}: {ECMAScript} Language Specification",
  publisher =	"ECMA (European Association for Standardizing
		 Information and Communication Systems)",
  address =	"pub-ECMA:adr",
  edition =	"Third",
  month =	dec,
  year = 	"1999",
  bibdate =	"Thu Feb 22 08:43:46 MST 2001",
  bibsource =	"http://www.ecma-international.org/publications/standards/Standard.htm",
  URL =  	"http://www.ecma.ch/ecma1/STAND/ECMA-262.HTM",
  acknowledgement = "Nelson H. F. Beebe, University of Utah, Department
		 of Mathematics, 110 LCB, 155 S 1400 E RM 233, Salt Lake
		 City, UT 84112-0090, USA, Tel: +1 801 581 5254, FAX: +1
		 801 581 4148, e-mail: \path|beebe@math.utah.edu|,
		 \path|beebe@acm.org|, \path|beebe@computer.org|
		 (Internet), URL:
		 \path|http://www.math.utah.edu/~beebe/|",
  ecmanumber =	"ECMA-262",
}